@book{munkres1997analysis,
  title={Analysis on manifolds},
  author={Munkres, James R},
  year={1997},
  publisher={Westview Press}
}
@book{federer2014geometric,
  title={Geometric measure theory},
  author={Federer, Herbert},
  year={2014},
  publisher={Springer}
}

@book{bogachev2007measure,
  title={Measure theory},
  author={Bogachev, Vladimir I},
  volume={1},
  year={2007},
  publisher={Springer Science \& Business Media}
}