@inproceedings{langley00,
 author    = {P. Langley},
 title     = {Crafting Papers on Machine Learning},
 year      = {2000},
 pages     = {1207--1216},
 editor    = {Pat Langley},
 booktitle     = {Proceedings of the 17th International Conference
              on Machine Learning (ICML 2000)},
 address   = {Stanford, CA},
 publisher = {Morgan Kaufmann}
}

@TechReport{mitchell80,
  author = 	 "T. M. Mitchell",
  title = 	 "The Need for Biases in Learning Generalizations",
  institution =  "Computer Science Department, Rutgers University",
  year = 	 "1980",
  address =	 "New Brunswick, MA",
}

@phdthesis{kearns89,
  author = {M. J. Kearns},
  title =  {Computational Complexity of Machine Learning},
  school = {Department of Computer Science, Harvard University},
  year =   {1989}
}

@Book{MachineLearningI,
  editor = 	 "R. S. Michalski and J. G. Carbonell and T.
		  M. Mitchell",
  title = 	 "Machine Learning: An Artificial Intelligence
		  Approach, Vol. I",
  publisher = 	 "Tioga",
  year = 	 "1983",
  address =	 "Palo Alto, CA"
}

@Book{DudaHart2nd,
  author =       "R. O. Duda and P. E. Hart and D. G. Stork",
  title =        "Pattern Classification",
  publisher =    "John Wiley and Sons",
  edition =      "2nd",
  year =         "2000"
}

@misc{anonymous,
  title= {Suppressed for Anonymity},
  author= {Author, N. N.},
  year= {2011},
}

@InCollection{Newell81,
  author =       "A. Newell and P. S. Rosenbloom",
  title =        "Mechanisms of Skill Acquisition and the Law of
                  Practice", 
  booktitle =    "Cognitive Skills and Their Acquisition",
  pages =        "1--51",
  publisher =    "Lawrence Erlbaum Associates, Inc.",
  year =         "1981",
  editor =       "J. R. Anderson",
  chapter =      "1",
  address =      "Hillsdale, NJ"
}


@Article{Samuel59,
  author = 	 "A. L. Samuel",
  title = 	 "Some Studies in Machine Learning Using the Game of
		  Checkers",
  journal =	 "IBM Journal of Research and Development",
  year =	 "1959",
  volume =	 "3",
  number =	 "3",
  pages =	 "211--229"
}


@inproceedings{langley00,
 author    = {P. Langley},
 title     = {Crafting Papers on Machine Learning},
 year      = {2000},
 pages     = {1207--1216},
 editor    = {Pat Langley},
 booktitle     = {Proceedings of the 17th International Conference
              on Machine Learning (ICML 2000)},
 address   = {Stanford, CA},
 publisher = {Morgan Kaufmann}
}

@article{tulino2006monotonic,
  title={Monotonic decrease of the non-Gaussianness of the sum of independent random variables: A simple proof},
  author={Tulino, Antonia Maria and Verd{\'u}, Sergio},
  journal={IEEE Transactions on Information Theory},
  volume={52},
  number={9},
  pages={4295--4297},
  year={2006},
  publisher={IEEE}
}


@TechReport{mitchell80,
  author = 	 "T. M. Mitchell",
  title = 	 "The Need for Biases in Learning Generalizations",
  institution =  "Computer Science Department, Rutgers University",
  year = 	 "1980",
  address =	 "New Brunswick, MA",
}

@article{hyvarinen2000independent,
  title={Independent component analysis: algorithms and applications},
  author={Hyv{\"a}rinen, Aapo and Oja, Erkki},
  journal={Neural networks},
  volume={13},
  number={4},
  pages={411--430},
  year={2000},
  publisher={Elsevier}
}

@article{hyvarinen2000independent,
  title={Independent component analysis: algorithms and applications},
  author={Hyv{\"a}rinen, Aapo and Oja, Erkki},
  journal={Neural networks},
  volume={13},
  number={4},
  pages={411--430},
  year={2000},
  publisher={Elsevier}
}

@inproceedings{cardoso1993blind,
  title={Blind beamforming for non-Gaussian signals},
  author={Cardoso, Jean-Fran{\c{c}}ois and Souloumiac, Antoine},
  booktitle={IEE Proceedings F (Radar and Signal Processing)},
  volume={140},
  number={6},
  pages={362--370},
  year={1993},
  organization={IET}
}

@article{virta2015joint,
  title={Joint use of third and fourth cumulants in independent component analysis},
  author={Virta, Joni and Nordhausen, Klaus and Oja, Hannu},
  journal={arXiv preprint arXiv:1505.02613},
  year={2015}
}

@article{chen2006efficient,
  title={Efficient independent component analysis},
  author={Chen, Aiyou and Bickel, Peter J and others},
  journal={The Annals of Statistics},
  volume={34},
  number={6},
  pages={2825--2855},
  year={2006},
  publisher={Institute of Mathematical Statistics}
}

@phdthesis{kearns89,
  author = {M. J. Kearns},
  title =  {Computational Complexity of Machine Learning},
  school = {Department of Computer Science, Harvard University},
  year =   {1989}
}

@Book{MachineLearningI,
  editor = 	 "R. S. Michalski and J. G. Carbonell and T.
		  M. Mitchell",
  title = 	 "Machine Learning: An Artificial Intelligence
		  Approach, Vol. I",
  publisher = 	 "Tioga",
  year = 	 "1983",
  address =	 "Palo Alto, CA"
}

@Book{DudaHart2nd,
  author =       "R. O. Duda and P. E. Hart and D. G. Stork",
  title =        "Pattern Classification",
  publisher =    "John Wiley and Sons",
  edition =      "2nd",
  year =         "2000"
}

@misc{anonymous,
  title= {Suppressed for Anonymity},
  author= {Author, N. N.},
  year= {2011},
}

@InCollection{Newell81,
  author =       "A. Newell and P. S. Rosenbloom",
  title =        "Mechanisms of Skill Acquisition and the Law of
                  Practice", 
  booktitle =    "Cognitive Skills and Their Acquisition",
  pages =        "1--51",
  publisher =    "Lawrence Erlbaum Associates, Inc.",
  year =         "1981",
  editor =       "J. R. Anderson",
  chapter =      "1",
  address =      "Hillsdale, NJ"
}


@Article{Samuel59,
  author = 	 "A. L. Samuel",
  title = 	 "Some Studies in Machine Learning Using the Game of
		  Checkers",
  journal =	 "IBM Journal of Research and Development",
  year =	 "1959",
  volume =	 "3",
  number =	 "3",
  pages =	 "211--229"
}

@book{munkres1997analysis,
  title={Analysis on manifolds},
  author={Munkres, James R},
  year={1997},
  publisher={Westview Press}
}

@book{federer2014geometric,
  title={Geometric measure theory},
  author={Federer, Herbert},
  year={2014},
  publisher={Springer}
}

@book{bogachev2007measure,
  title={Measure theory},
  author={Bogachev, Vladimir I},
  volume={1},
  year={2007},
  publisher={Springer Science \& Business Media}
}

@article{samworth2012independent,
  title={Independent component analysis via nonparametric maximum likelihood estimation},
  author={Samworth, Richard J and Yuan, Ming and others},
  journal={The Annals of Statistics},
  volume={40},
  number={6},
  pages={2973--3002},
  year={2012},
  publisher={Institute of Mathematical Statistics}
}

@article{stogbauer2004least,
  title={Least-dependent-component analysis based on mutual information},
  author={St{\"o}gbauer, Harald and Kraskov, Alexander and Astakhov, Sergey A and Grassberger, Peter},
  journal={Physical Review E},
  volume={70},
  number={6},
  pages={066123},
  year={2004},
  publisher={APS}
}

@article{matteson2016independent,
  title={Independent component analysis via distance covariance},
  author={Matteson, David S and Tsay, Ruey S},
  journal={Journal of the American Statistical Association},
  number={just-accepted},
  pages={1--38},
  year={2016},
  publisher={Taylor \& Francis}
}

@article{beckmann2012modelling,
  title={Modelling with independent components},
  author={Beckmann, Christian F},
  journal={Neuroimage},
  volume={62},
  number={2},
  pages={891--901},
  year={2012},
  publisher={Elsevier}
}

@book{hyvarinen2004independent,
  title={Independent component analysis},
  author={Hyv{\"a}rinen, Aapo and Karhunen, Juha and Oja, Erkki},
  volume={46},
  year={2004},
  publisher={John Wiley \& Sons}
}

@article{caiafa2008blind,
  title={Blind spectral unmixing by local maximization of non-Gaussianity},
  author={Caiafa, Cesar F and Salerno, Emanuele and Proto, Araceli N and Fiumi, L},
  journal={Signal Processing},
  volume={88},
  number={1},
  pages={50--68},
  year={2008},
  publisher={Elsevier}
}

@article{wang2015abundance,
  title={An abundance characteristic-based independent component analysis for hyperspectral unmixing},
  author={Wang, Nan and Du, Bo and Zhang, Liangpei and Zhang, Lifu},
  journal={IEEE Transactions on Geoscience and Remote Sensing},
  volume={53},
  number={1},
  pages={416--428},
  year={2015},
  publisher={IEEE}
}

@inproceedings{green2002pca,
  title={PCA-preprocessing of fMRI data adversely affects the results of ICA},
  author={Green, Christopher G and Nandy, Rajesh R and Cordes, Dietmar},
  booktitle={Proceedings of international society of magnetic resonance in medicine},
  volume={10},
  year={2002}
}